@article{zhangkun1994,
  author     = {张昆 and 冯立群 and 余昌钰 and others},
  title      = {机器人柔性手腕的球面齿轮设计研究},
  journal    = {清华大学学报: 自然科学版},
  volume     = {34},
  number     = {2},
  pages      = {1--7},
  year       = {1994},
  key        = {zhang1 kun1},
}

@book{zhukezhen1973,
  author     = {竺可桢},
  title      = {物理学论},
  address    = {北京},
  publisher  = {科学出版社},
  year       = {1973},
  pages      = {56--60},
  key        = {zhu2 ke3 zhen1},
}

@inproceedings{dupont1974bone,
  author     = {Dupont, B},
  title      = {Bone marrow transplantation in severe combined immunodeficiency with an unrelated MLC compatible donor},
  editor     = {White, H J and Smith, R},
  booktitle  = {Proceedings of the third annual meeting of the International Society for Experimental Hematology},
  address    = {Houston},
  publisher  = {International Society for Experimental Hematology},
  year       = {1974},
  pages      = {44--46},
}

@mastersthesis{zhengkaiqing1987,
  author     = {郑开青},
  title      = {通讯系统模拟及软件},
  address    = {北京},
  school     = {清华大学无线电系},
  year       = {1987},
  key        = {zheng4 kai1 qing1},
}

@patent{jiangxizhou1980,
  author     = {姜锡洲},
  title      = {一种温热外敷药制备方案},
  address    = {中国},
  number     = {88105607.3},
  year       = {1980},
  date       = {1980-07-26},
  key        = {jiang1 xi1 zhou1},
}

@standard{jianduju1994,
  author     = {中华人民共和国国家技术监督局},
  title      = {GB3100-3102. 中华人民共和国国家标准-量与单位},
  address    = {北京},
  publisher  = {中国标准出版社},
  year       = {1994},
  key        = {zhong1 hua2 ren2 min2 gong4 he2 guo2},
}

@article{merkt1995rotational,
  author     = {Merkt, Fr{\'e}d{\'e}ric and Mackenzie, S R and Softley, Timothy P},
  title      = {Rotational Autoionization Dynamics in High Rydberg States of Nitrogen},
  journal    = {J Chem Phys},
  year       = {1995},
  volume     = {103},
  pages      = {4509--4518},
}

@article{mellinger1996laser,
  author     = {Mellinger, A and Vidal, C R and Jungen, {Ch}},
  title      = {Laser reduced fluorescence study of the carbon monoxide nd triplet Rydberg series - Experimental results and multichannel quantum defect analysis},
  journal    = {J Chem Phys},
  year       = {1996},
  volume     = {104},
  pages      = {8913--8921},
}

@article{bixon1996dynamics,
  author     = {Bixon, M and Jortner, Joshua},
  title      = {The dynamics of predissociating high {Rydberg} states of {NO}},
  journal    = {J Chem Phys},
  year       = {1996},
  volume     = {105},
  pages      = {1363--1382},
}

@article{mahui1995,
  author     = {马辉 and 李俭 and 刘耀明 and others},
  title      = {利用 {REMPI} 方法测量 {BaF} 高里德堡系列光谱},
  journal    = {化学物理学报},
  year       = {1995},
  volume     = {8},
  pages      = {308--311},
  key        = {ma3 hui1},
}

@article{carlson1981two,
  author     = {Carlson, N W and Taylor, A J and Jones, K M and Schawlow, A L},
  title      = {Two-step polarization-labeling spectroscopy of excited states of {Na2}},
  journal    = {Phys Rev A},
  year       = {1981},
  volume     = {24},
  pages      = {822--834},
}

@article{taylor1983scanning,
  author     = {Taylor, A J and Jones, K M and Schawlow, A L},
  title      = {Scanning pulsed-polarization spectrometer applied to {Na2}},
  journal    = {J Opt Soc Am},
  year       = {1983},
  volume     = {73},
  pages      = {994--998},
}

@article{taylor1981study,
  author     = {Taylor, A J and Jones, K M and Schawlow, A L},
  title      = {A study of the excited {1$\Sigma$g+} states in {Na2}},
  journal    = {Opt Commun},
  year       = {1981},
  volume     = {39},
  pages      = {47--50},
}

@article{shimizu1983laser,
  author     = {Shimizu, Kazuko and Shimizu, Fujio},
  title      = {Laser induced fluorescence spectra of the a {3$\Pi$u--X 1$\Sigma$g+} band of {Na2} by molecular beam},
  journal    = {J Chem Phys},
  year       = {1983},
  volume     = {78},
  pages      = {1126--1131},
}

@article{atkinson1982experimental,
  author     = {Atkinson, J B and Becker, J and Demtr{\"o}der, W},
  title      = {Experimental observation of the a {3$\Pi$u} state of {Na2}},
  journal    = {Chem Phys Lett},
  year       = {1982},
  volume     = {87},
  pages      = {92--97},
}

@article{kusch1975perturbations,
  author     = {Kusch, P and Hessel, M M},
  title      = {Perturbations in the A {1$\Sigma$u+} state of {Na2}},
  journal    = {J Chem Phys},
  year       = {1975},
  volume     = {63},
  pages      = {4087--4088},
}

@book{guangxi1993,
  author     = {广西壮族自治区林业厅},
  title      = {广西自然保护区},
  address    = {北京},
  publisher  = {中国林业出版社},
  year       = {1993},
  key        = {guang3 xi1 zhuang4 zu2 zi4 zhi4 qu1},
}

@book{huosini1989guwu,
  author     = {霍斯尼},
  title      = {谷物科学与工艺学原理},
  translator = {李庆龙},
  edition    = {2},
  address    = {北京},
  publisher  = {中国食品出版社},
  year       = {1989},
  pages      = {15--20},
  key        = {huo4 si1 ni2},
}

@book{wangfuzhi1865songlun,
  author     = {王夫之},
  title      = {宋论},
  edition    = {刻本},
  address    = {金陵},
  publisher  = {曾氏},
  year       = {1865（清同治四年）},
  key        = {wang2 fu1 zhi1},
}

@book{zhaoyaodong1998xinshidai,
  author     = {赵耀东},
  title      = {新时代的工业工程师},
  address    = {台北},
  publisher  = {天下文化出版社},
  year       = {1998},
  urldate    = {1998-09-26},
  url        = {http://www.ie.nthu.edu.tw/info/ie.newie.htm},
  key        = {zhao4 yao4 dong1},
}

@standard{biaozhunhua2002tushu,
  author     = {全国信息与文献工作标准化技术委员会出版物格式分委员会},
  title      = {GB/T 12450-2001 图书书名页},
  address    = {北京},
  publisher  = {中国标准出版社},
  year       = {2002},
  pages      = {1},
  key        = {quan2 guo2 xin4 xi1},
}

@book{chubanzhuanye2004,
  author     = {全国出版专业职业资格考试办公室},
  title      = {全国出版专业职业资格考试辅导教材: 出版专业理论与实务•中级},
  edition    = {2014},
  address    = {上海},
  publisher  = {上海辞书出版社},
  year       = {2004},
  pages      = {299--307},
  key        = {quan2 guo2 chu1 ban3 ye4},
}

@techreport{who1970factors,
  author     = {{World Health Organization}},
  title      = {Factors Regulating the Immune Response: Report of {WHO Scientific Group}},
  address    = {Geneva},
  publisher  = {WHO},
  year       = {1970},
}

@book{peebles2001probability,
  author     = {Peebles, Jr, Peyton Z.},
  title      = {Probability, Random Variables, and Random Signal Principles},
  edition    = {4},
  address    = {New York},
  publisher  = {McGraw Hill},
  year       = {2001},
}

@incollection{baishunong1998zhiwu,
  author     = {白书农},
  title      = {植物开花研究},
  editor     = {李承森},
  booktitle  = {植物科学进展},
  address    = {北京},
  publisher  = {高等教育出版社},
  year       = {1998},
  pages      = {146--163},
  key        = {bai2 shu1 nong2},
}

@incollection{weinstein1974pathogenic,
  author     = {Weinstein, L and Swertz, M N},
  title      = {Pathogenic Properties of Invading Microorganism},
  editor     = {Sodeman, Jr, William A and Sodeman, William A},
  booktitle  = {Pathologic physiology: mechanisms of disease},
  address    = {Philadelphia},
  publisher  = {Saunders},
  year       = {1974},
  pages      = {745--772},
}

@inproceedings{hanjiren1985lun,
  author     = {韩吉人},
  title      = {论职工教育的特点},
  editor     = {中国职工教育研究会},
  booktitle  = {职工教育研究论文集},
  address    = {北京},
  publisher  = {人民教育出版社},
  year       = {1985},
  pages      = {90--99},
  key        = {han2 ji2 ren2},
}

@periodical{dizhi1936dizhi,
  author     = {中国地质学会},
  title      = {地质评论},
  year       = {1936},
  volume     = {1},
  number     = {1},
  address    = {北京},
  publisher  = {地质出版社},
  key        = {zhong1 guo2 di4 zhi3 xue2 hui4},
}

@periodical{tushuguan1957tushuguanxue,
  author     = {中国图书馆学会},
  title      = {图书馆学通讯},
  year       = {1957/1990},
  number     = {1--4},
  address    = {北京},
  publisher  = {北京图书馆},
  key        = {zhong1 guo2 tu2 shu1 guan3 xue2 hui4},
}

@periodical{aaas1883science,
  author     = {{American Association for the Advancement of Science}},
  title      = {Science},
  year       = {1883},
  volume     = {1},
  number     = {1},
  address    = {Washington, D.C.},
  publisher  = {American Association for the Advancement of Science},
}

@newspaper{fugang2000fengsha,
  author     = {傅刚 and 赵承 and 李佳路},
  title      = {大风沙过后的思考},
  journal    = {北京青年报},
  year       = {2000},
  date       = {2000-04-12},
  number     = {14},
  urldate    = {2002-03-06},
  url        = {http://www.bjyouth.com.cn/Bqb/20000412/B/4216%5ED0412B1401.htm},
  key        = {fu4 gang1},
}

@online{xiaoyu2001chubanye,
  author     = {萧钰},
  title      = {出版业信息化迈入快车道},
  year       = {2001},
  date       = {2001-12-19},
  urldate    = {2002-04-15},
  url        = {http://www.creader.com/news/20011219/200112190019.htm},
  key        = {xiao1 yu4},
}

@online{oclc2000about,
  author     = {{Online Computer Library Center, Inc}},
  title      = {About {OCLC}: History of Cooperation},
  year       = {2000},
  urldate    = {2000-01-08},
  url        = {http://www.oclc.org/about/cooperation.en.htm},
}

@software{scitor2000project,
  author     = {{Scitor Corporation}},
  title      = {Project scheduler},
  address    = {Sunnyvale, Calif.},
  publisher  = {Scitor Corporation},
  year       = {1983},
  medium     = {DK},
}


@misc{Authors14,
 author = {FirstName LastName},
 title = {The frobnicatable foo filter},
 note = {{ECCV} submission ID 00324, supplied as supplemental material {\tt 00324.pdf}},
 year = 2014
}

@misc{Authors14b,
 author = {FirstName LastName},
 title = {Frobnication tutorial},
 note = {Supplied as supplemental material {\tt tr.pdf}},
 year = 2014
}

@article{Alpher02,
author = {FirstName Alpher},
title = {Frobnication},
journal = PAMI,
volume = 12,
number = 1,
pages = {234--778},
year = 2002
}

@article{Alpher03,
author = {FirstName Alpher and  FirstName Fotheringham-Smythe},
title = {Frobnication revisited},
journal = {Journal of Foo},
volume = 13,
number = 1,
pages = {234--778},
year = 2003
}

@article{Alpher04,
author = {FirstName Alpher and FirstName Fotheringham-Smythe and FirstName Gamow},
title = {Can a machine frobnicate?},
journal = {Journal of Foo},
volume = 14,
number = 1,
pages = {234--778},
year = 2004
}

@inproceedings{Alpher05,
author = {FirstName Alpher and FirstName Gamow},
title = {Can a computer frobnicate?},
booktitle = CVPR,
pages = {234--778},
year = 2005
}

@book{ECCV2022,
    editor = {Shai Avidan and Gabriel Brostow and Moustapha Cissé and Giovanni Maria Farinella and Tal Hassner},
    title = {Computer Vision – ECCV 2022},
    year = {2022},
    publisher = {Springer},
    doi = {10.1007/978-3-031-19769-7}
}


@article{luo2024m,
  title={M $\^{} 3$ GPT: An Advanced Multimodal, Multitask Framework for Motion Comprehension and Generation},
  author={Luo, Mingshuang and Hou, Ruibing and Li, Zhuo and Chang, Hong and Liu, Zimo and Wang, Yaowei and Shan, Shiguang},
  journal={arXiv preprint arXiv:2405.16273},
  year={2024}
}

@article{yamada2018paired,
  title={Paired recurrent autoencoders for bidirectional translation between robot actions and linguistic descriptions},
  author={Yamada, Tatsuro and Matsunaga, Hiroyuki and Ogata, Tetsuya},
  journal={IEEE Robotics and Automation Letters},
  volume={3},
  number={4},
  pages={3441--3448},
  year={2018},
  publisher={IEEE}
}

@article{takano2015statistical,
  title={Statistical mutual conversion between whole body motion primitives and linguistic sentences for human motions},
  author={Takano, Wataru and Nakamura, Yoshihiko},
  journal={The International Journal of Robotics Research},
  volume={34},
  number={10},
  pages={1314--1328},
  year={2015},
  publisher={SAGE Publications Sage UK: London, England}
}

@inproceedings{tevet2022motionclip,
  title={Motionclip: Exposing human motion generation to clip space},
  author={Tevet, Guy and Gordon, Brian and Hertz, Amir and Bermano, Amit H and Cohen-Or, Daniel},
  booktitle={European Conference on Computer Vision},
  pages={358--374},
  year={2022},
  organization={Springer}
}

@inproceedings{dai2024motionlcm,
  title={Motionlcm: Real-time controllable motion generation via latent consistency model},
  author={Dai, Wenxun and Chen, Ling-Hao and Wang, Jingbo and Liu, Jinpeng and Dai, Bo and Tang, Yansong},
  booktitle={European Conference on Computer Vision},
  pages={390--408},
  year={2024},
  organization={Springer}
}

@inproceedings{jiang2024motionchain,
  title={Motionchain: Conversational motion controllers via multimodal prompts},
  author={Jiang, Biao and Chen, Xin and Zhang, Chi and Yin, Fukun and Li, Zhuoyuan and Yu, Gang and Fan, Jiayuan},
  booktitle={European Conference on Computer Vision},
  pages={54--74},
  year={2024},
  organization={Springer}
}

@inproceedings{guo2022tm2t,
  title={Tm2t: Stochastic and tokenized modeling for the reciprocal generation of 3d human motions and texts},
  author={Guo, Chuan and Zuo, Xinxin and Wang, Sen and Cheng, Li},
  booktitle={European Conference on Computer Vision},
  pages={580--597},
  year={2022},
  organization={Springer}
}

@article{yoon2020speech,
  title={Speech gesture generation from the trimodal context of text, audio, and speaker identity},
  author={Yoon, Youngwoo and Cha, Bok and Lee, Joo-Haeng and Jang, Minsu and Lee, Jaeyeon and Kim, Jaehong and Lee, Geehyuk},
  journal={ACM Transactions on Graphics (TOG)},
  volume={39},
  number={6},
  pages={1--16},
  year={2020},
  publisher={ACM New York, NY, USA}
}

@inproceedings{yang2023unifiedgesture,
  title={Unifiedgesture: A unified gesture synthesis model for multiple skeletons},
  author={Yang, Sicheng and Wang, Zilin and Wu, Zhiyong and Li, Minglei and Zhang, Zhensong and Huang, Qiaochu and Hao, Lei and Xu, Songcen and Wu, Xiaofei and Yang, Changpeng and others},
  booktitle={Proceedings of the 31st ACM International Conference on Multimedia},
  pages={1033--1044},
  year={2023}
}

@inproceedings{cheng2024siggesture,
  title={SIGGesture: Generalized Co-Speech Gesture Synthesis via Semantic Injection with Large-Scale Pre-Training Diffusion Models},
  author={Cheng, Qingrong and Li, Xu and Fu, Xinghui},
  booktitle={SIGGRAPH Asia 2024 Conference Papers},
  pages={1--11},
  year={2024}
}

@article{xu2025mambatalk,
  title={Mambatalk: Efficient holistic gesture synthesis with selective state space models},
  author={Xu, Zunnan and Lin, Yukang and Han, Haonan and Yang, Sicheng and Li, Ronghui and Zhang, Yachao and Li, Xiu},
  journal={Advances in Neural Information Processing Systems},
  volume={37},
  pages={20055--20080},
  year={2025}
}

@inproceedings{rombach2022high,
  title={High-resolution image synthesis with latent diffusion models},
  author={Rombach, Robin and Blattmann, Andreas and Lorenz, Dominik and Esser, Patrick and Ommer, Bj{\"o}rn},
  booktitle={Proceedings of the IEEE/CVF conference on computer vision and pattern recognition},
  pages={10684--10695},
  year={2022}
}

@article{alexanderson2023listen,
  title={Listen, denoise, action! audio-driven motion synthesis with diffusion models},
  author={Alexanderson, Simon and Nagy, Rajmund and Beskow, Jonas and Henter, Gustav Eje},
  journal={ACM Transactions on Graphics (TOG)},
  volume={42},
  number={4},
  pages={1--20},
  year={2023},
  publisher={ACM New York, NY, USA}
}

@inproceedings{zhi2023livelyspeaker,
  title={Livelyspeaker: Towards semantic-aware co-speech gesture generation},
  author={Zhi, Yihao and Cun, Xiaodong and Chen, Xuelin and Shen, Xi and Guo, Wen and Huang, Shaoli and Gao, Shenghua},
  booktitle={Proceedings of the IEEE/CVF international conference on computer vision},
  pages={20807--20817},
  year={2023}
}

@article{pang2023bodyformer,
  title={Bodyformer: Semantics-guided 3d body gesture synthesis with transformer},
  author={Pang, Kunkun and Qin, Dafei and Fan, Yingruo and Habekost, Julian and Shiratori, Takaaki and Yamagishi, Junichi and Komura, Taku},
  journal={ACM Transactions on Graphics (TOG)},
  volume={42},
  number={4},
  pages={1--12},
  year={2023},
  publisher={ACM New York, NY, USA}
}

@inproceedings{ghorbani2023zeroeggs,
  title={ZeroEGGS: Zero-shot Example-based Gesture Generation from Speech},
  author={Ghorbani, Saeed and Ferstl, Ylva and Holden, Daniel and Troje, Nikolaus F and Carbonneau, Marc-Andr{\'e}},
  booktitle={Computer Graphics Forum},
  volume={42},
  number={1},
  pages={206--216},
  year={2023},
  organization={Wiley Online Library}
}

@inproceedings{yang2023diffusestylegesture+,
  title={The DiffuseStyleGesture+ entry to the GENEA Challenge 2023},
  author={Yang, Sicheng and Xue, Haiwei and Zhang, Zhensong and Li, Minglei and Wu, Zhiyong and Wu, Xiaofei and Xu, Songcen and Dai, Zonghong},
  booktitle={Proceedings of the 25th International Conference on Multimodal Interaction},
  pages={779--785},
  year={2023}
}

@article{ao2023gesturediffuclip,
  title={Gesturediffuclip: Gesture diffusion model with clip latents},
  author={Ao, Tenglong and Zhang, Zeyi and Liu, Libin},
  journal={ACM Transactions on Graphics (TOG)},
  volume={42},
  number={4},
  pages={1--18},
  year={2023},
  publisher={ACM New York, NY, USA}
}

@inproceedings{qi2024weakly,
  title={Weakly-supervised emotion transition learning for diverse 3d co-speech gesture generation},
  author={Qi, Xingqun and Pan, Jiahao and Li, Peng and Yuan, Ruibin and Chi, Xiaowei and Li, Mengfei and Luo, Wenhan and Xue, Wei and Zhang, Shanghang and Liu, Qifeng and others},
  booktitle={Proceedings of the IEEE/CVF Conference on Computer Vision and Pattern Recognition},
  pages={10424--10434},
  year={2024}
}

@article{qi2024emotiongesture,
  title={Emotiongesture: Audio-driven diverse emotional co-speech 3d gesture generation},
  author={Qi, Xingqun and Liu, Chen and Li, Lincheng and Hou, Jie and Xin, Haoran and Yu, Xin},
  journal={IEEE Transactions on Multimedia},
  year={2024},
  publisher={IEEE}
}

@article{yang2023diffusestylegesture,
  title={Diffusestylegesture: Stylized audio-driven co-speech gesture generation with diffusion models},
  author={Yang, Sicheng and Wu, Zhiyong and Li, Minglei and Zhang, Zhensong and Hao, Lei and Bao, Weihong and Cheng, Ming and Xiao, Long},
  journal={arXiv preprint arXiv:2305.04919},
  year={2023}
}

@article{song2020ddim,
  title={Denoising diffusion implicit models},
  author={Song, Jiaming and Meng, Chenlin and Ermon, Stefano},
  journal={arXiv preprint arXiv:2010.02502},
  year={2020}
}

@inproceedings{guo2024momask,
  title={Momask: Generative masked modeling of 3d human motions},
  author={Guo, Chuan and Mu, Yuxuan and Javed, Muhammad Gohar and Wang, Sen and Cheng, Li},
  booktitle={Proceedings of the IEEE/CVF Conference on Computer Vision and Pattern Recognition},
  pages={1900--1910},
  year={2024}
}

@article{tevet2022mdm,
  title={Human motion diffusion model},
  author={Tevet, Guy and Raab, Sigal and Gordon, Brian and Shafir, Yonatan and Cohen-Or, Daniel and Bermano, Amit H},
  journal={arXiv preprint arXiv:2209.14916},
  year={2022}
}

@inproceedings{zhang2023t2mgpt,
  title={Generating human motion from textual descriptions with discrete representations},
  author={Zhang, Jianrong and Zhang, Yangsong and Cun, Xiaodong and Zhang, Yong and Zhao, Hongwei and Lu, Hongtao and Shen, Xi and Shan, Ying},
  booktitle={Proceedings of the IEEE/CVF conference on computer vision and pattern recognition},
  pages={14730--14740},
  year={2023}
}

@inproceedings{liu2022beat,
  title={Beat: A large-scale semantic and emotional multi-modal dataset for conversational gestures synthesis},
  author={Liu, Haiyang and Zhu, Zihao and Iwamoto, Naoya and Peng, Yichen and Li, Zhengqing and Zhou, You and Bozkurt, Elif and Zheng, Bo},
  booktitle={European conference on computer vision},
  pages={612--630},
  year={2022},
  organization={Springer}
}

@article{jiang2024motiongpt,
  title={Motiongpt: Human motion as a foreign language},
  author={Jiang, Biao and Chen, Xin and Liu, Wen and Yu, Jingyi and Yu, Gang and Chen, Tao},
  journal={Advances in Neural Information Processing Systems},
  volume={36},
  year={2024}
}

@inproceedings{chen2024syntalker,
  title={Enabling synergistic full-body control in prompt-based co-speech motion generation},
  author={Chen, Bohong and Li, Yumeng and Ding, Yao-Xiang and Shao, Tianjia and Zhou, Kun},
  booktitle={Proceedings of the 32nd ACM International Conference on Multimedia},
  pages={6774--6783},
  year={2024}
}

@article{ho2020ddpm,
  title={Denoising diffusion probabilistic models},
  author={Ho, Jonathan and Jain, Ajay and Abbeel, Pieter},
  journal={Advances in neural information processing systems},
  volume={33},
  pages={6840--6851},
  year={2020}
}

@article{ho2022classifier,
  title={Classifier-free diffusion guidance},
  author={Ho, Jonathan and Salimans, Tim},
  journal={arXiv preprint arXiv:2207.12598},
  year={2022}
}

@inproceedings{bao2022all,
  title={All are worth words: a vit backbone for score-based diffusion models},
  author={Bao, Fan and Li, Chongxuan and Cao, Yue and Zhu, Jun},
  booktitle={NeurIPS 2022 Workshop on Score-Based Methods},
  year={2022}
}

@incollection{loper2023smpl,
  title={SMPL: A skinned multi-person linear model},
  author={Loper, Matthew and Mahmood, Naureen and Romero, Javier and Pons-Moll, Gerard and Black, Michael J},
  booktitle={Seminal Graphics Papers: Pushing the Boundaries, Volume 2},
  pages={851--866},
  year={2023}
}

@inproceedings{guo2022humanml3d,
  title={Generating diverse and natural 3d human motions from text},
  author={Guo, Chuan and Zou, Shihao and Zuo, Xinxin and Wang, Sen and Ji, Wei and Li, Xingyu and Cheng, Li},
  booktitle={Proceedings of the IEEE/CVF Conference on Computer Vision and Pattern Recognition},
  pages={5152--5161},
  year={2022}
}

@inproceedings{liu2024emage,
  title={EMAGE: Towards Unified Holistic Co-Speech Gesture Generation via Expressive Masked Audio Gesture Modeling},
  author={Liu, Haiyang and Zhu, Zihao and Becherini, Giorgio and Peng, Yichen and Su, Mingyang and Zhou, You and Zhe, Xuefei and Iwamoto, Naoya and Zheng, Bo and Black, Michael J},
  booktitle={Proceedings of the IEEE/CVF Conference on Computer Vision and Pattern Recognition},
  pages={1144--1154},
  year={2024}
}

@inproceedings{chen2023executing,
  title={Executing your commands via motion diffusion in latent space},
  author={Chen, Xin and Jiang, Biao and Liu, Wen and Huang, Zilong and Fu, Bin and Chen, Tao and Yu, Gang},
  booktitle={Proceedings of the IEEE/CVF Conference on Computer Vision and Pattern Recognition},
  pages={18000--18010},
  year={2023}
}

@inproceedings{yang2024freetalker,
  title={Freetalker: Controllable speech and text-driven gesture generation based on diffusion models for enhanced speaker naturalness},
  author={Yang, Sicheng and Xu, Zunnan and Xue, Haiwei and Cheng, Yongkang and Huang, Shaoli and Gong, Mingming and Wu, Zhiyong},
  booktitle={ICASSP 2024-2024 IEEE International Conference on Acoustics, Speech and Signal Processing (ICASSP)},
  pages={7945--7949},
  year={2024},
  organization={IEEE}
}

@inproceedings{kucherenko2019analyzing,
  title={Analyzing input and output representations for speech-driven gesture generation},
  author={Kucherenko, Taras and Hasegawa, Dai and Henter, Gustav Eje and Kaneko, Naoshi and Kjellstr{\"o}m, Hedvig},
  booktitle={Proceedings of the 19th ACM International Conference on Intelligent Virtual Agents},
  pages={97--104},
  year={2019}
}

@article{chen2022wavlm,
  title={Wavlm: Large-scale self-supervised pre-training for full stack speech processing},
  author={Chen, Sanyuan and Wang, Chengyi and Chen, Zhengyang and Wu, Yu and Liu, Shujie and Chen, Zhuo and Li, Jinyu and Kanda, Naoyuki and Yoshioka, Takuya and Xiao, Xiong and others},
  journal={IEEE Journal of Selected Topics in Signal Processing},
  volume={16},
  number={6},
  pages={1505--1518},
  year={2022},
  publisher={IEEE}
}

@inproceedings{radford2021clip,
  title={Learning transferable visual models from natural language supervision},
  author={Radford, Alec and Kim, Jong Wook and Hallacy, Chris and Ramesh, Aditya and Goh, Gabriel and Agarwal, Sandhini and Sastry, Girish and Askell, Amanda and Mishkin, Pamela and Clark, Jack and others},
  booktitle={International conference on machine learning},
  pages={8748--8763},
  year={2021},
  organization={PMLR}
}

@inproceedings{nyatsanga2023comprehensive,
  title={A Comprehensive Review of Data-Driven Co-Speech Gesture Generation},
  author={Nyatsanga, Simbarashe and Kucherenko, Taras and Ahuja, Chaitanya and Henter, Gustav Eje and Neff, Michael},
  booktitle={Computer Graphics Forum},
  volume={42},
  number={2},
  pages={569--596},
  year={2023},
  organization={Wiley Online Library}
}

@inproceedings{wan2016chalearn,
  title={Chalearn looking at people rgb-d isolated and continuous datasets for gesture recognition},
  author={Wan, Jun and Zhao, Yibing and Zhou, Shuai and Guyon, Isabelle and Escalera, Sergio and Li, Stan Z},
  booktitle={Proceedings of the IEEE conference on computer vision and pattern recognition workshops},
  pages={56--64},
  year={2016}
}

@inproceedings{jiang2021skeleton,
  title={Skeleton aware multi-modal sign language recognition},
  author={Jiang, Songyao and Sun, Bin and Wang, Lichen and Bai, Yue and Li, Kunpeng and Fu, Yun},
  booktitle={Proceedings of the IEEE/CVF conference on computer vision and pattern recognition},
  pages={3413--3423},
  year={2021}
}

@article{wan2020chalearn,
  title={Chalearn looking at people: Isogd and congd large-scale rgb-d gesture recognition},
  author={Wan, Jun and Lin, Chi and Wen, Longyin and Li, Yunan and Miao, Qiguang and Escalera, Sergio and Anbarjafari, Gholamreza and Guyon, Isabelle and Guo, Guodong and Li, Stan Z},
  journal={IEEE Transactions on Cybernetics},
  volume={52},
  number={5},
  pages={3422--3433},
  year={2020},
  publisher={IEEE}
}

@article{mikolov2017advances,
  title={Advances in pre-training distributed word representations},
  author={Mikolov, Tomas and Grave, Edouard and Bojanowski, Piotr and Puhrsch, Christian and Joulin, Armand},
  journal={arXiv preprint arXiv:1712.09405},
  year={2017}
}

@inproceedings{materzynska2019jester,
  title={The jester dataset: A large-scale video dataset of human gestures},
  author={Materzynska, Joanna and Berger, Guillaume and Bax, Ingo and Memisevic, Roland},
  booktitle={Proceedings of the IEEE/CVF international conference on computer vision workshops},
  pages={0--0},
  year={2019}
}

@inproceedings{tang2017action,
  title={Action recognition in rgb-d egocentric videos},
  author={Tang, Yansong and Tian, Yi and Lu, Jiwen and Feng, Jianjiang and Zhou, Jie},
  booktitle={2017 IEEE International Conference on Image Processing (ICIP)},
  pages={3410--3414},
  year={2017},
  organization={IEEE}
}

@inproceedings{liu2017continuous,
  title={Continuous gesture recognition with hand-oriented spatiotemporal feature},
  author={Liu, Zhipeng and Chai, Xiujuan and Liu, Zhuang and Chen, Xilin},
  booktitle={Proceedings of the IEEE International Conference on Computer Vision Workshops},
  pages={3056--3064},
  year={2017}
}


@inproceedings{molchanov2016online,
  title={Online detection and classification of dynamic hand gestures with recurrent 3d convolutional neural network},
  author={Molchanov, Pavlo and Yang, Xiaodong and Gupta, Shalini and Kim, Kihwan and Tyree, Stephen and Kautz, Jan},
  booktitle={Proceedings of the IEEE conference on computer vision and pattern recognition},
  pages={4207--4215},
  year={2016}
}

@article{yu2021searching,
  title={Searching multi-rate and multi-modal temporal enhanced networks for gesture recognition},
  author={Yu, Zitong and Zhou, Benjia and Wan, Jun and Wang, Pichao and Chen, Haoyu and Liu, Xin and Li, Stan Z and Zhao, Guoying},
  journal={IEEE Transactions on Image Processing},
  volume={30},
  pages={5626--5640},
  year={2021},
  publisher={IEEE}
}

@inproceedings{feichtenhofer2019slowfast,
  title={Slowfast networks for video recognition},
  author={Feichtenhofer, Christoph and Fan, Haoqi and Malik, Jitendra and He, Kaiming},
  booktitle={Proceedings of the IEEE/CVF international conference on computer vision},
  pages={6202--6211},
  year={2019}
}

@article{tang2018multi,
  title={Multi-stream deep neural networks for rgb-d egocentric action recognition},
  author={Tang, Yansong and Wang, Zian and Lu, Jiwen and Feng, Jianjiang and Zhou, Jie},
  journal={IEEE Transactions on Circuits and Systems for Video Technology},
  volume={29},
  number={10},
  pages={3001--3015},
  year={2018},
  publisher={IEEE}
}

@article{simonyan2014very,
  title={Very deep convolutional networks for large-scale image recognition},
  author={Simonyan, Karen and Zisserman, Andrew},
  journal={arXiv preprint arXiv:1409.1556},
  year={2014}
}

@inproceedings{laptev2008learning,
  title={Learning realistic human actions from movies},
  author={Laptev, Ivan and Marszalek, Marcin and Schmid, Cordelia and Rozenfeld, Benjamin},
  booktitle={2008 IEEE conference on computer vision and pattern recognition},
  pages={1--8},
  year={2008},
  organization={IEEE}
}

@inproceedings{zhou2021regional,
  title={Regional attention with architecture-rebuilt 3d network for rgb-d gesture recognition},
  author={Zhou, Benjia and Li, Yunan and Wan, Jun},
  booktitle={Proceedings of the AAAI Conference on Artificial Intelligence},
  volume={35},
  number={4},
  pages={3563--3571},
  year={2021}
}

@inproceedings{zhou2022decoupling,
  title={Decoupling and recoupling spatiotemporal representation for RGB-D-based motion recognition},
  author={Zhou, Benjia and Wang, Pichao and Wan, Jun and Liang, Yanyan and Wang, Fan and Zhang, Du and Lei, Zhen and Li, Hao and Jin, Rong},
  booktitle={Proceedings of the IEEE/CVF Conference on Computer Vision and Pattern Recognition},
  pages={20154--20163},
  year={2022}
}

@article{zhou2023unified,
  title={A Unified Multimodal De-and Re-coupling Framework for RGB-D Motion Recognition},
  author={Zhou, Benjia and Wang, Pichao and Wan, Jun and Liang, Yanyan and Wang, Fan},
  journal={IEEE Transactions on Pattern Analysis and Machine Intelligence},
  year={2023},
  publisher={IEEE}
}

@inproceedings{bigalke2021fusing,
  title={Fusing posture and position representations for point cloud-based hand gesture recognition},
  author={Bigalke, Alexander and Heinrich, Mattias P},
  booktitle={2021 International Conference on 3D Vision (3DV)},
  pages={617--626},
  year={2021},
  organization={IEEE}
}

@inproceedings{liu2020decoupled,
  title={Decoupled representation learning for skeleton-based gesture recognition},
  author={Liu, Jianbo and Liu, Yongcheng and Wang, Ying and Prinet, Veronique and Xiang, Shiming and Pan, Chunhong},
  booktitle={Proceedings of the IEEE/CVF conference on computer vision and pattern recognition},
  pages={5751--5760},
  year={2020}
}

@inproceedings{zuo2023natural,
  title={Natural Language-Assisted Sign Language Recognition},
  author={Zuo, Ronglai and Wei, Fangyun and Mak, Brian},
  booktitle={Proceedings of the IEEE/CVF Conference on Computer Vision and Pattern Recognition},
  pages={14890--14900},
  year={2023}
}

@inproceedings{karpathy2014large,
  title={Large-scale video classification with convolutional neural networks},
  author={Karpathy, Andrej and Toderici, George and Shetty, Sanketh and Leung, Thomas and Sukthankar, Rahul and Fei-Fei, Li},
  booktitle={Proceedings of the IEEE conference on Computer Vision and Pattern Recognition},
  pages={1725--1732},
  year={2014}
}

@article{simonyan2014twostream,
  title={Two-stream convolutional networks for action recognition in videos},
  author={Simonyan, Karen and Zisserman, Andrew},
  journal={Advances in neural information processing systems},
  volume={27},
  year={2014}
}

@inproceedings{tran2015c3d,
  title={Learning spatiotemporal features with 3d convolutional networks},
  author={Tran, Du and Bourdev, Lubomir and Fergus, Rob and Torresani, Lorenzo and Paluri, Manohar},
  booktitle={Proceedings of the IEEE international conference on computer vision},
  pages={4489--4497},
  year={2015}
}


@inproceedings{carreira2017i3d,
  title={Quo vadis, action recognition? a new model and the kinetics dataset},
  author={Carreira, Joao and Zisserman, Andrew},
  booktitle={proceedings of the IEEE Conference on Computer Vision and Pattern Recognition},
  pages={6299--6308},
  year={2017}
}

@inproceedings{tran2018r2+1d,
  title={A closer look at spatiotemporal convolutions for action recognition},
  author={Tran, Du and Wang, Heng and Torresani, Lorenzo and Ray, Jamie and LeCun, Yann and Paluri, Manohar},
  booktitle={Proceedings of the IEEE conference on Computer Vision and Pattern Recognition},
  pages={6450--6459},
  year={2018}
}

@inproceedings{xie2018s3d,
  title={Rethinking spatiotemporal feature learning: Speed-accuracy trade-offs in video classification},
  author={Xie, Saining and Sun, Chen and Huang, Jonathan and Tu, Zhuowen and Murphy, Kevin},
  booktitle={Proceedings of the European conference on computer vision (ECCV)},
  pages={305--321},
  year={2018}
}

@inproceedings{li2016large,
  title={Large-scale gesture recognition with a fusion of rgb-d data based on the c3d model},
  author={Li, Yunan and Miao, Qiguang and Tian, Kuan and Fan, Yingying and Xu, Xin and Li, Rui and Song, Jianfeng},
  booktitle={2016 23rd international conference on pattern recognition (ICPR)},
  pages={25--30},
  year={2016},
  organization={IEEE}
}

@inproceedings{bilen2016dynamic,
  title={Dynamic image networks for action recognition},
  author={Bilen, Hakan and Fernando, Basura and Gavves, Efstratios and Vedaldi, Andrea and Gould, Stephen},
  booktitle={Proceedings of the IEEE conference on computer vision and pattern recognition},
  pages={3034--3042},
  year={2016}
}

@inproceedings{he2019bag,
  title={Bag of tricks for image classification with convolutional neural networks},
  author={He, Tong and Zhang, Zhi and Zhang, Hang and Zhang, Zhongyue and Xie, Junyuan and Li, Mu},
  booktitle={Proceedings of the IEEE/CVF conference on computer vision and pattern recognition},
  pages={558--567},
  year={2019}
}

@article{kingma2014adam,
  title={Adam: A method for stochastic optimization},
  author={Kingma, Diederik P and Ba, Jimmy},
  journal={arXiv preprint arXiv:1412.6980},
  year={2014}
}

@article{grill2020bootstrap,
  title={Bootstrap your own latent-a new approach to self-supervised learning},
  author={Grill, Jean-Bastien and Strub, Florian and Altch{\'e}, Florent and Tallec, Corentin and Richemond, Pierre and Buchatskaya, Elena and Doersch, Carl and Avila Pires, Bernardo and Guo, Zhaohan and Gheshlaghi Azar, Mohammad and others},
  journal={Advances in neural information processing systems},
  volume={33},
  pages={21271--21284},
  year={2020}
}

@inproceedings{wang2017large,
  title={Large-scale multimodal gesture segmentation and recognition based on convolutional neural networks},
  author={Wang, Huogen and Wang, Pichao and Song, Zhanjie and Li, Wanqing},
  booktitle={Proceedings of the IEEE international conference on computer vision workshops},
  pages={3138--3146},
  year={2017}
}

@inproceedings{sun2019deep,
  title={Deep high-resolution representation learning for human pose estimation},
  author={Sun, Ke and Xiao, Bin and Liu, Dong and Wang, Jingdong},
  booktitle={Proceedings of the IEEE/CVF conference on computer vision and pattern recognition},
  pages={5693--5703},
  year={2019}
}

@article{duan2018unified,
  title={A unified framework for multi-modal isolated gesture recognition},
  author={Duan, Jiali and Wan, Jun and Zhou, Shuai and Guo, Xiaoyuan and Li, Stan Z},
  journal={ACM Transactions on Multimedia Computing, Communications, and Applications (TOMM)},
  volume={14},
  number={1s},
  pages={1--16},
  year={2018},
  publisher={ACM New York, NY, USA}
}

@inproceedings{narayana2018focus,
  title={Gesture recognition: Focus on the hands},
  author={Narayana, Pradyumna and Beveridge, Ross and Draper, Bruce A},
  booktitle={Proceedings of the IEEE conference on computer vision and pattern recognition},
  pages={5235--5244},
  year={2018}
}

@article{li2019large,
  title={Large-scale gesture recognition with a fusion of RGB-D data based on optical flow and the C3D model},
  author={Li, Yunan and Miao, Qiguang and Tian, Kuan and Fan, Yingying and Xu, Xin and Ma, Zhenxin and Song, Jianfeng},
  journal={Pattern recognition letters},
  volume={119},
  pages={187--194},
  year={2019},
  publisher={Elsevier}
}

@inproceedings{yue2015beyond,
  title={Beyond short snippets: Deep networks for video classification},
  author={Yue-Hei Ng, Joe and Hausknecht, Matthew and Vijayanarasimhan, Sudheendra and Vinyals, Oriol and Monga, Rajat and Toderici, George},
  booktitle={Proceedings of the IEEE conference on computer vision and pattern recognition},
  pages={4694--4702},
  year={2015}
}

@inproceedings{jozefowicz2015empirical,
  title={An empirical exploration of recurrent network architectures},
  author={Jozefowicz, Rafal and Zaremba, Wojciech and Sutskever, Ilya},
  booktitle={International conference on machine learning},
  pages={2342--2350},
  year={2015},
  organization={PMLR}
}

@inproceedings{cao2017egocentric,
  title={Egocentric gesture recognition using recurrent 3d convolutional neural networks with spatiotemporal transformer modules},
  author={Cao, Congqi and Zhang, Yifan and Wu, Yi and Lu, Hanqing and Cheng, Jian},
  booktitle={Proceedings of the IEEE international conference on computer vision},
  pages={3763--3771},
  year={2017}
}

@article{zhu2017multimodal,
  title={Multimodal gesture recognition using 3-D convolution and convolutional LSTM},
  author={Zhu, Guangming and Zhang, Liang and Shen, Peiyi and Song, Juan},
  journal={Ieee Access},
  volume={5},
  pages={4517--4524},
  year={2017},
  publisher={IEEE}
}

@inproceedings{zhang2017learning,
  title={Learning spatiotemporal features using 3dcnn and convolutional lstm for gesture recognition},
  author={Zhang, Liang and Zhu, Guangming and Shen, Peiyi and Song, Juan and Afaq Shah, Syed and Bennamoun, Mohammed},
  booktitle={Proceedings of the IEEE international conference on computer vision workshops},
  pages={3120--3128},
  year={2017}
}

@article{zhang2018attention,
  title={Attention in convolutional LSTM for gesture recognition},
  author={Zhang, Liang and Zhu, Guangming and Mei, Lin and Shen, Peiyi and Shah, Syed Afaq Ali and Bennamoun, Mohammed},
  journal={Advances in neural information processing systems},
  volume={31},
  year={2018}
}

@article{zhu2019redundancy,
  title={Redundancy and attention in convolutional LSTM for gesture recognition},
  author={Zhu, Guangming and Zhang, Liang and Yang, Lu and Mei, Lin and Shah, Syed Afaq Ali and Bennamoun, Mohammed and Shen, Peiyi},
  journal={IEEE transactions on neural networks and learning systems},
  volume={31},
  number={4},
  pages={1323--1335},
  year={2019},
  publisher={IEEE}
}

@article{zhu2018continuous,
  title={Continuous gesture segmentation and recognition using 3DCNN and convolutional LSTM},
  author={Zhu, Guangming and Zhang, Liang and Shen, Peiyi and Song, Juan and Shah, Syed Afaq Ali and Bennamoun, Mohammed},
  journal={IEEE Transactions on Multimedia},
  volume={21},
  number={4},
  pages={1011--1021},
  year={2018},
  publisher={IEEE}
}

@inproceedings{radford2021learning,
  title={Learning transferable visual models from natural language supervision},
  author={Radford, Alec and Kim, Jong Wook and Hallacy, Chris and Ramesh, Aditya and Goh, Gabriel and Agarwal, Sandhini and Sastry, Girish and Askell, Amanda and Mishkin, Pamela and Clark, Jack and others},
  booktitle={International conference on machine learning},
  pages={8748--8763},
  year={2021},
  organization={PMLR}
}

@inproceedings{li2022blip,
  title={Blip: Bootstrapping language-image pre-training for unified vision-language understanding and generation},
  author={Li, Junnan and Li, Dongxu and Xiong, Caiming and Hoi, Steven},
  booktitle={International Conference on Machine Learning},
  pages={12888--12900},
  year={2022},
  organization={PMLR}
}

@article{yao2021filip,
  title={Filip: Fine-grained interactive language-image pre-training},
  author={Yao, Lewei and Huang, Runhui and Hou, Lu and Lu, Guansong and Niu, Minzhe and Xu, Hang and Liang, Xiaodan and Li, Zhenguo and Jiang, Xin and Xu, Chunjing},
  journal={arXiv preprint arXiv:2111.07783},
  year={2021}
}

@article{zhou2022learning,
  title={Learning to prompt for vision-language models},
  author={Zhou, Kaiyang and Yang, Jingkang and Loy, Chen Change and Liu, Ziwei},
  journal={International Journal of Computer Vision},
  volume={130},
  number={9},
  pages={2337--2348},
  year={2022},
  publisher={Springer}
}

@article{gao2024clip,
  title={Clip-adapter: Better vision-language models with feature adapters},
  author={Gao, Peng and Geng, Shijie and Zhang, Renrui and Ma, Teli and Fang, Rongyao and Zhang, Yongfeng and Li, Hongsheng and Qiao, Yu},
  journal={International Journal of Computer Vision},
  volume={132},
  number={2},
  pages={581--595},
  year={2024},
  publisher={Springer}
}

@inproceedings{zhou2022conditional,
  title={Conditional prompt learning for vision-language models},
  author={Zhou, Kaiyang and Yang, Jingkang and Loy, Chen Change and Liu, Ziwei},
  booktitle={Proceedings of the IEEE/CVF Conference on Computer Vision and Pattern Recognition},
  pages={16816--16825},
  year={2022}
}

@inproceedings{zhang2022tip,
  title={Tip-adapter: Training-free adaption of clip for few-shot classification},
  author={Zhang, Renrui and Zhang, Wei and Fang, Rongyao and Gao, Peng and Li, Kunchang and Dai, Jifeng and Qiao, Yu and Li, Hongsheng},
  booktitle={European Conference on Computer Vision},
  pages={493--510},
  year={2022},
  organization={Springer}
}

@inproceedings{lin2018large,
  title={Large-scale isolated gesture recognition using a refined fused model based on masked res-c3d network and skeleton lstm},
  author={Lin, Chi and Wan, Jun and Liang, Yanyan and Li, Stan Z},
  booktitle={2018 13th IEEE international conference on automatic face \& gesture recognition (FG 2018)},
  pages={52--58},
  year={2018},
  organization={IEEE}
}

@article{selva2023video,
  title={Video transformers: A survey},
  author={Selva, Javier and Johansen, Anders S and Escalera, Sergio and Nasrollahi, Kamal and Moeslund, Thomas B and Clap{\'e}s, Albert},
  journal={IEEE Transactions on Pattern Analysis and Machine Intelligence},
  year={2023},
  publisher={IEEE}
}

@inproceedings{zhou2023gloss,
  title={Gloss-free sign language translation: Improving from visual-language pretraining},
  author={Zhou, Benjia and Chen, Zhigang and Clap{\'e}s, Albert and Wan, Jun and Liang, Yanyan and Escalera, Sergio and Lei, Zhen and Zhang, Du},
  booktitle={Proceedings of the IEEE/CVF International Conference on Computer Vision},
  pages={20871--20881},
  year={2023}
}

@inproceedings{li2023learning,
  title={Learning robust representations with information bottleneck and memory network for RGB-D-based gesture recognition},
  author={Li, Yunan and Chen, Huizhou and Feng, Guanwen and Miao, Qiguang},
  booktitle={Proceedings of the IEEE/CVF International Conference on Computer Vision},
  pages={20968--20978},
  year={2023}
}

@inproceedings{jin2020whole,
  title={Whole-body human pose estimation in the wild},
  author={Jin, Sheng and Xu, Lumin and Xu, Jin and Wang, Can and Liu, Wentao and Qian, Chen and Ouyang, Wanli and Luo, Ping},
  booktitle={Computer Vision--ECCV 2020: 16th European Conference, Glasgow, UK, August 23--28, 2020, Proceedings, Part IX 16},
  pages={196--214},
  year={2020},
  organization={Springer}
}

@inproceedings{tran2018closer,
  title={A closer look at spatiotemporal convolutions for action recognition},
  author={Tran, Du and Wang, Heng and Torresani, Lorenzo and Ray, Jamie and LeCun, Yann and Paluri, Manohar},
  booktitle={Proceedings of the IEEE conference on Computer Vision and Pattern Recognition},
  pages={6450--6459},
  year={2018}
}

@article{howard2017mobilenets,
  title={Mobilenets: Efficient convolutional neural networks for mobile vision applications},
  author={Howard, Andrew G and Zhu, Menglong and Chen, Bo and Kalenichenko, Dmitry and Wang, Weijun and Weyand, Tobias and Andreetto, Marco and Adam, Hartwig},
  journal={arXiv preprint arXiv:1704.04861},
  year={2017}
}

@article{chen2022multi,
  title={Multi-scale attention 3D convolutional network for multimodal gesture recognition},
  author={Chen, Huizhou and Li, Yunan and Fang, Huijuan and Xin, Wentian and Lu, Zixiang and Miao, Qiguang},
  journal={Sensors},
  volume={22},
  number={6},
  pages={2405},
  year={2022},
  publisher={MDPI}
}

@inproceedings{ma2023multi,
  title={Multi-stage factorized spatio-temporal representation for rgb-d action and gesture recognition},
  author={Ma, Yujun and Zhou, Benjia and Wang, Ruili and Wang, Pichao},
  booktitle={Proceedings of the 31st ACM International Conference on Multimedia},
  pages={3149--3160},
  year={2023}
}

@inproceedings{li2018pose,
  title={Pose guided deep model for pedestrian attribute recognition in surveillance scenarios},
  author={Li, Dangwei and Chen, Xiaotang and Zhang, Zhang and Huang, Kaiqi},
  booktitle={2018 IEEE international conference on multimedia and expo (ICME)},
  pages={1--6},
  year={2018},
  organization={IEEE}
}

@inproceedings{tran2015learning,
  title={Learning spatiotemporal features with 3d convolutional networks},
  author={Tran, Du and Bourdev, Lubomir and Fergus, Rob and Torresani, Lorenzo and Paluri, Manohar},
  booktitle={Proceedings of the IEEE international conference on computer vision},
  pages={4489--4497},
  year={2015}
}

@article{li2021trear,
  title={Trear: Transformer-based rgb-d egocentric action recognition},
  author={Li, Xiangyu and Hou, Yonghong and Wang, Pichao and Gao, Zhimin and Xu, Mingliang and Li, Wanqing},
  journal={IEEE Transactions on Cognitive and Developmental Systems},
  volume={14},
  number={1},
  pages={246--252},
  year={2021},
  publisher={IEEE}
}

@article{ji20123d,
  title={3D convolutional neural networks for human action recognition},
  author={Ji, Shuiwang and Xu, Wei and Yang, Ming and Yu, Kai},
  journal={IEEE transactions on pattern analysis and machine intelligence},
  volume={35},
  number={1},
  pages={221--231},
  year={2012},
  publisher={IEEE}
}

@inproceedings{wang2016temporal,
  title={Temporal segment networks: Towards good practices for deep action recognition},
  author={Wang, Limin and Xiong, Yuanjun and Wang, Zhe and Qiao, Yu and Lin, Dahua and Tang, Xiaoou and Van Gool, Luc},
  booktitle={European conference on computer vision},
  pages={20--36},
  year={2016},
  organization={Springer}
}

@article{yang2019condconv,
  title={Condconv: Conditionally parameterized convolutions for efficient inference},
  author={Yang, Brandon and Bender, Gabriel and Le, Quoc V and Ngiam, Jiquan},
  journal={Advances in neural information processing systems},
  volume={32},
  year={2019}
}

@inproceedings{chen2020dynamic,
  title={Dynamic convolution: Attention over convolution kernels},
  author={Chen, Yinpeng and Dai, Xiyang and Liu, Mengchen and Chen, Dongdong and Yuan, Lu and Liu, Zicheng},
  booktitle={Proceedings of the IEEE/CVF conference on computer vision and pattern recognition},
  pages={11030--11039},
  year={2020}
}


@article{ZHANG2020107416,
  title={Gesture recognition based on deep deformable 3D convolutional neural networks},
  author={Zhang, Yifan and Shi, Lei and Wu, Yi and Cheng, Ke and Cheng, Jian and Lu, Hanqing},
  journal={Pattern Recognition},
  volume={107},
  pages={107416},
  year={2020},
  publisher={Elsevier}
}

@article{LI2024110536,
  title={Decoupled and boosted learning for skeleton-based dynamic hand gesture recognition},
  author={Li, Yangke and Wei, Guangshun and Desrosiers, Christian and Zhou, Yuanfeng},
  journal={Pattern Recognition},
  volume={153},
  pages={110536},
  year={2024},
  publisher={Elsevier}
}

@article{AVOLA2022108762,
  title={3D hand pose and shape estimation from RGB images for keypoint-based hand gesture recognition},
  author={Avola, Danilo and Cinque, Luigi and Fagioli, Alessio and Foresti, Gian Luca and Fragomeni, Adriano and Pannone, Daniele},
  journal={Pattern Recognition},
  volume={129},
  pages={108762},
  year={2022},
  publisher={Elsevier}
}

@article{LIANG2024109901,
  title={Mask-guided multiscale feature aggregation network for hand gesture recognition},
  author={Liang, Hao and Fei, Lunke and Zhao, Shuping and Wen, Jie and Teng, Shaohua and Xu, Yong},
  journal={Pattern Recognition},
  volume={145},
  pages={109901},
  year={2024},
  publisher={Elsevier}
}

@article{GUO2021108044,
  title={Normalized edge convolutional networks for skeleton-based hand gesture recognition},
  author={Guo, Fangtai and He, Zaixing and Zhang, Shuyou and Zhao, Xinyue and Fang, Jinhui and Tan, Jianrong},
  journal={Pattern Recognition},
  volume={118},
  pages={108044},
  year={2021},
  publisher={Elsevier}
}

@article{ALAM2022108200,
  title={Unified learning approach for egocentric hand gesture recognition and fingertip detection},
  author={Alam, Mohammad Mahmudul and Islam, Mohammad Tariqul and Rahman, SM Mahbubur},
  journal={Pattern recognition},
  volume={121},
  pages={108200},
  year={2022},
  publisher={Elsevier}
}

%%%%%%%%%%%%%%%%%%%%%%%%%%%%%%%%%%%%%%%%%%%%%%%%%%%%%%%%%%%%%%%%%%%%%%%%%
@article{rautaray2015vision,
  title={Vision based hand gesture recognition for human computer interaction: a survey},
  author={Rautaray, Siddharth S and Agrawal, Anupam},
  journal={Artificial intelligence review},
  volume={43},
  pages={1--54},
  year={2015},
  publisher={Springer}
}

@article{sigal2004skin,
  title={Skin color-based video segmentation under time-varying illumination},
  author={Sigal, Leonid and Sclaroff, Stan and Athitsos, Vassilis},
  journal={IEEE Transactions on Pattern Analysis and Machine Intelligence},
  volume={26},
  number={7},
  pages={862--877},
  year={2004},
  publisher={IEEE}
}

@article{kalman1960new,
  title={A new approach to linear filtering and prediction problems},
  author={Kalman, Rudolph Emil},
  year={1960}
}

@article{基于视觉的动态手势识别研究综述,
  title={基于视觉的动态手势识别研究综述.},
  author={解迎刚 and 王全},
  journal={Journal of Computer Engineering \& Applications},
  volume={57},
  number={22},
  year={2021}
}

@inproceedings{donahue2015lrcn,
  title={Long-term recurrent convolutional networks for visual recognition and description},
  author={Donahue, Jeffrey and Anne Hendricks, Lisa and Guadarrama, Sergio and Rohrbach, Marcus and Venugopalan, Subhashini and Saenko, Kate and Darrell, Trevor},
  booktitle={Proceedings of the IEEE conference on computer vision and pattern recognition},
  pages={2625--2634},
  year={2015}
}

@inproceedings{wang2016tsn,
  title={Temporal segment networks: Towards good practices for deep action recognition},
  author={Wang, Limin and Xiong, Yuanjun and Wang, Zhe and Qiao, Yu and Lin, Dahua and Tang, Xiaoou and Van Gool, Luc},
  booktitle={European conference on computer vision},
  pages={20--36},
  year={2016},
  organization={Springer}
}

@inproceedings{zhou2018trn,
  title={Temporal relational reasoning in videos},
  author={Zhou, Bolei and Andonian, Alex and Oliva, Aude and Torralba, Antonio},
  booktitle={Proceedings of the European conference on computer vision (ECCV)},
  pages={803--818},
  year={2018}
}


@article{zhang2020deformable3d,
  title={Gesture recognition based on deep deformable 3D convolutional neural networks},
  author={Zhang, Yifan and Shi, Lei and Wu, Yi and Cheng, Ke and Cheng, Jian and Lu, Hanqing},
  journal={Pattern Recognition},
  volume={107},
  pages={107416},
  year={2020},
  publisher={Elsevier}
}


@inproceedings{aich2023data,
  title={Data-Free Class-Incremental Hand Gesture Recognition},
  author={Aich, Shubhra and Ruiz-Santaquiteria, Jesus and Lu, Zhenyu and Garg, Prachi and Joseph, KJ and Garcia, Alvaro Fernandez and Balasubramanian, Vineeth N and Kin, Kenrick and Wan, Chengde and Camgoz, Necati Cihan and others},
  booktitle={Proceedings of the IEEE/CVF International Conference on Computer Vision},
  pages={20958--20967},
  year={2023}
}

@article{liu2023temporal,
  title={Temporal decoupling graph convolutional network for skeleton-based gesture recognition},
  author={Liu, Jinfu and Wang, Xinshun and Wang, Can and Gao, Yuan and Liu, Mengyuan},
  journal={IEEE Transactions on Multimedia},
  year={2023},
  publisher={IEEE}
}

@inproceedings{min2020efficient,
  title={An efficient pointlstm for point clouds based gesture recognition},
  author={Min, Yuecong and Zhang, Yanxiao and Chai, Xiujuan and Chen, Xilin},
  booktitle={Proceedings of the IEEE/CVF Conference on Computer Vision and Pattern Recognition},
  pages={5761--5770},
  year={2020}
}


@mastersthesis{伍杰2019基于视觉的实时手势识别方法研究,
  title={基于视觉的实时手势识别方法研究},
  author={伍杰},
  year={2019},
  school={大连理工大学}
}

@article{guo2021human,
  title={Human-machine interaction sensing technology based on hand gesture recognition: A review},
  author={Guo, Lin and Lu, Zongxing and Yao, Ligang},
  journal={IEEE Transactions on Human-Machine Systems},
  volume={51},
  number={4},
  pages={300--309},
  year={2021},
  publisher={IEEE}
}

@article{oudah2020hand,
  title={Hand gesture recognition based on computer vision: a review of techniques},
  author={Oudah, Munir and Al-Naji, Ali and Chahl, Javaan},
  journal={journal of Imaging},
  volume={6},
  number={8},
  pages={73},
  year={2020},
  publisher={MDPI}
}

@phdthesis{kaaniche2009gesture,
  title={Gesture recognition from video sequences},
  author={Ka{\^a}niche, Mohamed},
  year={2009},
  school={Universit{\'e} Nice Sophia Antipolis}
}

@book{ottenheimer2018anthropology,
  title={The anthropology of language: An introduction to linguistic anthropology},
  author={Ottenheimer, Harriet Joseph and Pine, Judith MS},
  year={2018},
  publisher={Cengage Learning}
}

@mastersthesis{范桂双2020基于S3D,
  title={基于 S3D+ BiConvLSTM+ MobileNet 的动态手势识别算法研究},
  author={范桂双},
  year={2020},
  school={哈尔滨工业大学}
}


@misc{2021signlawyer1,
   author = {澎湃新闻 张怡},
   title = {手语律师9年为10万聋哑人打官司：他们在“真空”环境里长大，有了解才能避免错误},
   howpublished = {\url{https://www.thepaper.cn/newsDetail_forward_11876849}}
}

@misc{2021signlawyer2,
   author = {央视新闻 赵羽祺},
   title = {90后女孩将成“中国首位聋人律师” 把正义之声带到无声角落},
   howpublished = {\url{http://m.news.cctv.com/2021/09/27/ARTIR3jnIIkxbOfakn2qAVn2210927.shtml}}
}

@misc{2022signmedicial,
   author = {人民日报 李家鼎},
   title = {天津理工大学鲸言创益团队研发手语实时翻译系统——让人工智能看懂手语（解码·走近新职业）},
   howpublished = {\url{https://m.thepaper.cn/baijiahao_18931533}}
}

@misc{2022signlearning,
   author = {智东西},
   title = {昇腾AI的温度：关爱超2700万听障者，破解手语学习难题},
   howpublished = {\url{https://mp.weixin.qq.com/s?__biz=MzA4MTQ4NjQzMw==&mid=2652752384&idx=1&sn=6be9fbb333354425292f7776f0069856&chksm=847d5d0eb30ad418ee4bd601a7810e108eacaf3ab518a4e9ce31c6c347c86a36648c861c9021&scene=27#wechat_redirect}}
}

@inproceedings{jiang2021chal21,
  title={Skeleton aware multi-modal sign language recognition},
  author={Jiang, Songyao and Sun, Bin and Wang, Lichen and Bai, Yue and Li, Kunpeng and Fu, Yun},
  booktitle={Proceedings of the IEEE/CVF conference on computer vision and pattern recognition},
  pages={3413--3423},
  year={2021}
}

@misc{jester2017,
  title={Twentybn Jester Dataset: A Hand Gesture Dataset, 2017},
  year={2017},
  howpublished={\url{https://www.twentybn.com/datasets/jester}}
}


@manual{iisuSDK2012,
  title={SoftKinetic IISU SDK},
  year={2012},
  note={\url{http://www.softkinetic.com/Solutions/iisuSDK.aspx}}
}

@inproceedings{kevin2004,
  title={Trajectory Modeling in Gesture Recognition Using Cybergloves and Magnetic Trackers},
  author={Kevin, NYY and Ranganath, S and Ghosh, D},
  booktitle={TENCON 2004. IEEE Region 10 Conference},
  year={2004},
  pages={571--574},
}

@inproceedings{chen2007real,
  title={Real-time vision-based hand gesture recognition using haar-like features},
  author={Chen, Qing and Georganas, Nicolas D and Petriu, Emil M},
  booktitle={2007 IEEE instrumentation \& measurement technology conference IMTC 2007},
  pages={1--6},
  year={2007},
  organization={IEEE}
}

@article{pun2011real,
  title={Real-time hand gesture recognition using motion tracking},
  author={Pun, Chi-Man and Zhu, Hong-Min and Feng, Wei},
  journal={International Journal of Computational Intelligence Systems},
  volume={4},
  number={2},
  pages={277--286},
  year={2011},
  publisher={Taylor \& Francis}
}

@inproceedings{tekin2019h+,
  title={H+ o: Unified egocentric recognition of 3d hand-object poses and interactions},
  author={Tekin, Bugra and Bogo, Federica and Pollefeys, Marc},
  booktitle={Proceedings of the IEEE/CVF conference on computer vision and pattern recognition},
  pages={4511--4520},
  year={2019}
}

@inproceedings{crowley1995finger,
  title={Finger tracking as an input device for augmented reality},
  author={Crowley, James and Berard, Fran{\c{c}}ois and Coutaz, Joelle and others},
  booktitle={International Workshop on Gesture and Face Recognition},
  pages={195--200},
  year={1995}
}

@inproceedings{argyros2004real,
  title={Real-time tracking of multiple skin-colored objects with a possibly moving camera},
  author={Argyros, Antonis A and Lourakis, Manolis IA},
  booktitle={Computer Vision-ECCV 2004: 8th European Conference on Computer Vision, Prague, Czech Republic, May 11-14, 2004. Proceedings, Part III 8},
  pages={368--379},
  year={2004},
  organization={Springer}
}

@inproceedings{perez2002color,
  title={Color-based probabilistic tracking},
  author={P{\'e}rez, Patrick and Hue, Carine and Vermaak, Jaco and Gangnet, Michel},
  booktitle={Computer Vision—ECCV 2002: 7th European Conference on Computer Vision Copenhagen, Denmark, May 28--31, 2002 Proceedings, Part I 7},
  pages={661--675},
  year={2002},
  organization={Springer}
}

@inproceedings{wang2010study,
  title={The study of MovingTarget tracking based on Kalman-CamShift in the video},
  author={Wang, Xiangyu and Li, Xiujuan},
  booktitle={The 2nd International Conference on Information Science and Engineering},
  pages={1--4},
  year={2010},
  organization={IEEE}
}

@article{burges1998tutorial,
  title={A tutorial on support vector machines for pattern recognition},
  author={Burges, Christopher JC},
  journal={Data mining and knowledge discovery},
  volume={2},
  number={2},
  pages={121--167},
  year={1998},
  publisher={Springer}
}

@online{thirumuruganathan2010knn,
  author={Thirumuruganathan, S},
  title={A Detailed Introduction to K-nearest Neighbor (KNN) Algorithm},
  year={2010},
  url={http://saravananthirumuruganathan.wordpress.com/2010/05/17/a-detailed-introduction-to-k-nearest-neighbor-knn-algorithm/}
}

@inproceedings{liang1996sign,
  title={A sign language recognition system using hidden markov model and context sensitive search},
  author={Liang, Rung-Huei and Ouhyoung, Ming},
  booktitle={Proceedings of the ACM symposium on virtual reality software and technology},
  pages={59--66},
  year={1996}
}

@inproceedings{corradini2001dynamic,
  title={Dynamic time warping for off-line recognition of a small gesture vocabulary},
  author={Corradini, Andrea},
  booktitle={Proceedings IEEE ICCV workshop on recognition, analysis, and tracking of faces and gestures in real-time systems},
  pages={82--89},
  year={2001},
  organization={IEEE}
}


@article{shi2015convlstm,
  title={Convolutional LSTM network: A machine learning approach for precipitation nowcasting},
  author={Shi, Xingjian and Chen, Zhourong and Wang, Hao and Yeung, Dit-Yan and Wong, Wai-Kin and Woo, Wang-chun},
  journal={Advances in neural information processing systems},
  volume={28},
  year={2015}
}

@article{he2015spatial,
  title={Spatial pyramid pooling in deep convolutional networks for visual recognition},
  author={He, Kaiming and Zhang, Xiangyu and Ren, Shaoqing and Sun, Jian},
  journal={IEEE transactions on pattern analysis and machine intelligence},
  volume={37},
  number={9},
  pages={1904--1916},
  year={2015},
  publisher={IEEE}
}

@inproceedings{parada2014hand,
  title={Hand gestures to control infotainment equipment in cars},
  author={Parada-Loira, Francisco and Gonz{\'a}lez-Agulla, Elisardo and Alba-Castro, Jos{\'e} L},
  booktitle={2014 IEEE Intelligent Vehicles Symposium Proceedings},
  pages={1--6},
  year={2014},
  organization={IEEE}
}

@inproceedings{manawadu2016hand,
  title={A hand gesture based driver-vehicle interface to control lateral and longitudinal motions of an autonomous vehicle},
  author={Manawadu, Udara E and Kamezaki, Mitsuhiro and Ishikawa, Masaaki and Kawano, Takahiro and Sugano, Shigeki},
  booktitle={2016 IEEE International Conference on Systems, Man, and Cybernetics (SMC)},
  pages={001785--001790},
  year={2016},
  organization={IEEE}
}

@inproceedings{desai2017human,
  title={Human Computer Interaction through hand gestures for home automation using Microsoft Kinect},
  author={Desai, Smit and Desai, Apurva},
  booktitle={Proceedings of International Conference on Communication and Networks: ComNet 2016},
  pages={19--29},
  year={2017},
  organization={Springer}
}

@article{al20223d,
  title={3D Gesture Recognition and Adaptation for Human--Robot Interaction},
  author={Al Mahmud, Jubayer and Das, Bandhan Chandra and Shin, Jungpil and Hasib, Khan Md and Sadik, Rifat and Mridha, MF},
  journal={IEEE Access},
  volume={10},
  pages={116485--116513},
  year={2022},
  publisher={IEEE}
}

@article{taylor2016efficient,
  title={Efficient and precise interactive hand tracking through joint, continuous optimization of pose and correspondences},
  author={Taylor, Jonathan and Bordeaux, Lucas and Cashman, Thomas and Corish, Bob and Keskin, Cem and Sharp, Toby and Soto, Eduardo and Sweeney, David and Valentin, Julien and Luff, Benjamin and others},
  journal={ACM Transactions on Graphics (ToG)},
  volume={35},
  number={4},
  pages={1--12},
  year={2016},
  publisher={ACM New York, NY, USA}
}

@article{strickland2013using,
  title={Using a depth-sensing infrared camera system to access and manipulate medical imaging from within the sterile operating field},
  author={Strickland, Matt and Tremaine, Jamie and Brigley, Greg and Law, Calvin},
  journal={Canadian Journal of Surgery},
  volume={56},
  number={3},
  pages={E1},
  year={2013},
  publisher={Canadian Medical Association}
}

@inproceedings{zeng2012natural,
  title={A natural hand gesture system for intelligent human-computer interaction and medical assistance},
  author={Zeng, Jinhua and Sun, Yaoru and Wang, Fang},
  booktitle={2012 Third Global Congress on Intelligent Systems},
  pages={382--385},
  year={2012},
  organization={IEEE}
}

@article{starner1998real,
  title={Real-time american sign language recognition using desk and wearable computer based video},
  author={Starner, Thad and Weaver, Joshua and Pentland, Alex},
  journal={IEEE Transactions on pattern analysis and machine intelligence},
  volume={20},
  number={12},
  pages={1371--1375},
  year={1998},
  publisher={IEEE}
}

@inproceedings{zhu2016large,
  title={Large-scale isolated gesture recognition using pyramidal 3d convolutional networks},
  author={Zhu, Guangming and Zhang, Liang and Mei, Lin and Shao, Jie and Song, Juan and Shen, Peiyi},
  booktitle={2016 23rd International Conference on Pattern Recognition (ICPR)},
  pages={19--24},
  year={2016},
  organization={IEEE}
}

@inproceedings{li2016large,
  title={Large-scale gesture recognition with a fusion of rgb-d data based on the c3d model},
  author={Li, Yunan and Miao, Qiguang and Tian, Kuan and Fan, Yingying and Xu, Xin and Li, Rui and Song, Jianfeng},
  booktitle={2016 23rd international conference on pattern recognition (ICPR)},
  pages={25--30},
  year={2016},
  organization={IEEE}
}

@inproceedings{kopuklu2018motion,
  title={Motion fused frames: Data level fusion strategy for hand gesture recognition},
  author={Kopuklu, Okan and Kose, Neslihan and Rigoll, Gerhard},
  booktitle={Proceedings of the IEEE conference on computer vision and pattern recognition workshops},
  pages={2103--2111},
  year={2018}
}

@inproceedings{miao2017multimodal,
  title={Multimodal gesture recognition based on the resc3d network},
  author={Miao, Qiguang and Li, Yunan and Ouyang, Wanli and Ma, Zhenxin and Xu, Xin and Shi, Weikang and Cao, Xiaochun},
  booktitle={Proceedings of the IEEE international conference on computer vision workshops},
  pages={3047--3055},
  year={2017}
}

@inproceedings{wang2013action,
  title={Action recognition with improved trajectories},
  author={Wang, Heng and Schmid, Cordelia},
  booktitle={Proceedings of the IEEE international conference on computer vision},
  pages={3551--3558},
  year={2013}
}

@inproceedings{dalal2005histograms,
  title={Histograms of oriented gradients for human detection},
  author={Dalal, Navneet and Triggs, Bill},
  booktitle={2005 IEEE computer society conference on computer vision and pattern recognition (CVPR'05)},
  volume={1},
  pages={886--893},
  year={2005},
  organization={Ieee}
}


@article{howard2017mobilenets,
  title={Mobilenets: Efficient convolutional neural networks for mobile vision applications},
  author={Howard, Andrew G and Zhu, Menglong and Chen, Bo and Kalenichenko, Dmitry and Wang, Weijun and Weyand, Tobias and Andreetto, Marco and Adam, Hartwig},
  journal={arXiv preprint arXiv:1704.04861},
  year={2017}
}

@article{beltagy2020longformer,
  title={Longformer: The long-document transformer},
  author={Beltagy, Iz and Peters, Matthew E and Cohan, Arman},
  journal={arXiv preprint arXiv:2004.05150},
  year={2020}
}

@inproceedings{tran2018closer,
  title={A closer look at spatiotemporal convolutions for action recognition},
  author={Tran, Du and Wang, Heng and Torresani, Lorenzo and Ray, Jamie and LeCun, Yann and Paluri, Manohar},
  booktitle={Proceedings of the IEEE conference on Computer Vision and Pattern Recognition},
  pages={6450--6459},
  year={2018}
}

@inproceedings{zhou2021improving,
  title={Improving sign language translation with monolingual data by sign back-translation},
  author={Zhou, Hao and Zhou, Wengang and Qi, Weizhen and Pu, Junfu and Li, Houqiang},
  booktitle={Proceedings of the IEEE/CVF Conference on Computer Vision and Pattern Recognition},
  pages={1316--1325},
  year={2021}
}

@article{chen2022two,
  title={Two-stream network for sign language recognition and translation},
  author={Chen, Yutong and Zuo, Ronglai and Wei, Fangyun and Wu, Yu and Liu, Shujie and Mak, Brian},
  journal={Advances in Neural Information Processing Systems},
  volume={35},
  pages={17043--17056},
  year={2022}
}

@article{vaswani2017attention,
  title={Attention is all you need},
  author={Vaswani, Ashish and Shazeer, Noam and Parmar, Niki and Uszkoreit, Jakob and Jones, Llion and Gomez, Aidan N and Kaiser, {\L}ukasz and Polosukhin, Illia},
  journal={Advances in neural information processing systems},
  volume={30},
  year={2017}
}

@misc{vit2021image,
      title={An Image is Worth 16x16 Words: Transformers for Image Recognition at Scale}, 
      author={Alexey Dosovitskiy and Lucas Beyer and Alexander Kolesnikov and Dirk Weissenborn and Xiaohua Zhai and Thomas Unterthiner and Mostafa Dehghani and Matthias Minderer and Georg Heigold and Sylvain Gelly and Jakob Uszkoreit and Neil Houlsby},
      year={2021},
      eprint={2010.11929},
      archivePrefix={arXiv},
      primaryClass={cs.CV}
}


@inproceedings{bertasius2021space,
  title={Is space-time attention all you need for video understanding?},
  author={Bertasius, Gedas and Wang, Heng and Torresani, Lorenzo},
  booktitle={ICML},
  volume={2},
  number={3},
  pages={4},
  year={2021}
}

@inproceedings{arnab2021vivit,
  title={Vivit: A video vision transformer},
  author={Arnab, Anurag and Dehghani, Mostafa and Heigold, Georg and Sun, Chen and Lu{\v{c}}i{\'c}, Mario and Schmid, Cordelia},
  booktitle={Proceedings of the IEEE/CVF international conference on computer vision},
  pages={6836--6846},
  year={2021}
}

@inproceedings{neimark2021video,
  title={Video transformer network},
  author={Neimark, Daniel and Bar, Omri and Zohar, Maya and Asselmann, Dotan},
  booktitle={Proceedings of the IEEE/CVF international conference on computer vision},
  pages={3163--3172},
  year={2021}
}

@article{khan2022transformers,
  title={Transformers in vision: A survey},
  author={Khan, Salman and Naseer, Muzammal and Hayat, Munawar and Zamir, Syed Waqas and Khan, Fahad Shahbaz and Shah, Mubarak},
  journal={ACM computing surveys (CSUR)},
  volume={54},
  number={10s},
  pages={1--41},
  year={2022},
  publisher={ACM New York, NY}
}

@misc{SLR1,
   author = {Kyle Melnick},
   title = {Prototype AR App Translates Sign Language In Real Time},
   howpublished = {\url{https://vrscout.com/projects/prototype-ar-app-translates-sign-language/}}
}

@misc{SLR2,
   author = {Dario Borghino},
   title = {Augmented reality glasses perform real-time language translation},
   howpublished = {\url{https://newatlas.com/language-translating-glasses/23494/}}
}

@article{liu2020multilingual,
  title={Multilingual denoising pre-training for neural machine translation},
  author={Liu, Yinhan and Gu, Jiatao and Goyal, Naman and Li, Xian and Edunov, Sergey and Ghazvininejad, Marjan and Lewis, Mike and Zettlemoyer, Luke},
  journal={Transactions of the Association for Computational Linguistics},
  volume={8},
  pages={726--742},
  year={2020},
  publisher={MIT Press One Rogers Street, Cambridge, MA 02142-1209, USA journals-info~…}
}

@inproceedings{yang2023qpgesture,
  title={Qpgesture: Quantization-based and phase-guided motion matching for natural speech-driven gesture generation},
  author={Yang, Sicheng and Wu, Zhiyong and Li, Minglei and Zhang, Zhensong and Hao, Lei and Bao, Weihong and Zhuang, Haolin},
  booktitle={Proceedings of the IEEE/CVF Conference on Computer Vision and Pattern Recognition},
  pages={2321--2330},
  year={2023}
}

@inproceedings{yi2023generating,
  title={Generating holistic 3d human motion from speech},
  author={Yi, Hongwei and Liang, Hualin and Liu, Yifei and Cao, Qiong and Wen, Yandong and Bolkart, Timo and Tao, Dacheng and Black, Michael J},
  booktitle={Proceedings of the IEEE/CVF Conference on Computer Vision and Pattern Recognition},
  pages={469--480},
  year={2023}
}

@article{dhariwal2021diffusion,
  title={Diffusion models beat gans on image synthesis},
  author={Dhariwal, Prafulla and Nichol, Alexander},
  journal={Advances in neural information processing systems},
  volume={34},
  pages={8780--8794},
  year={2021}
}

@article{zhang2024motiondiffuse,
  title={Motiondiffuse: Text-driven human motion generation with diffusion model},
  author={Zhang, Mingyuan and Cai, Zhongang and Pan, Liang and Hong, Fangzhou and Guo, Xinying and Yang, Lei and Liu, Ziwei},
  journal={IEEE transactions on pattern analysis and machine intelligence},
  volume={46},
  number={6},
  pages={4115--4128},
  year={2024},
  publisher={IEEE}
}

@misc{kingma2013vae,
  title={Auto-encoding variational bayes},
  author={Kingma, Diederik P and Welling, Max and others},
  year={2013},
  publisher={Banff, Canada}
}